@book{mybook1,
  title={高中物理(甲种本) 第一册},
  author={张同恂 方玉珍 马淑美},
  year={1993},
  publisher={人民教育出版社}
}
@book{mybook2,
  title={高中物理(甲种本) 第二册},
  author={张同恂 方玉珍 马淑美},
  year={1993},
  publisher={人民教育出版社}
}
@book{mybook3,
  title={高中物理(甲种本) 第三册},
  author={张同恂 方玉珍 马淑美},
  year={1993},
  publisher={人民教育出版社}
}
@book{mybook4,
  title={力学 物理类},
  author={舒幼生},
  year={2005},
  publisher={北京大学出版社}
}
@book{mybook5,
  title={Electricity and magnetism},
  author={Purcell Edward M},
  year={2005},
  publisher={机械工业出版社}
}
@book{mybook6,
  title={热学},
  author={刘玉鑫},
  year={2016},
  publisher={北京大学出版社}
}
@book{mybook7,
  title={电磁学},
  author={梁灿彬秦光戎梁竹健},
  year={2018},
  publisher={高等教育出版社}
}